<?xml version="1.0" encoding="UTF-8"?>
<collection xmlns:xsi="http://www.w3.org/2001/XMLSchema-instance" xsi:schemaLocation="http://www.loc.gov/MARC21/slim http://www.loc.gov/standards/marcxml/schema/MARC21slim.xsd" xmlns="http://www.loc.gov/MARC21/slim">
<record>
  <leader>01091cam a22002771  4500</leader>
  <controlfield tag="001">3076744</controlfield>
  <controlfield tag="003">NNC</controlfield>
  <controlfield tag="005">20130520200909.0</controlfield>
  <controlfield tag="008">890317m19511953ua       b    000 0 arard</controlfield>
  <datafield tag="035" ind1=" " ind2=" ">
    <subfield code="a">(OCoLC)ocm19387220</subfield>
  </datafield>
  <datafield tag="035" ind1=" " ind2=" ">
    <subfield code="9">ATQ0354CU</subfield>
  </datafield>
  <datafield tag="035" ind1=" " ind2=" ">
    <subfield code="a">(NNC)3076744</subfield>
  </datafield>
  <datafield tag="035" ind1=" " ind2=" ">
    <subfield code="a">3076744</subfield>
  </datafield>
  <datafield tag="040" ind1=" " ind2=" ">
    <subfield code="a">CUY</subfield>
    <subfield code="c">CUY</subfield>
    <subfield code="d">ZCU</subfield>
  </datafield>
  <datafield tag="099" ind1=" " ind2=" ">
    <subfield code="a">893.782</subfield>
    <subfield code="a">Ab973</subfield>
  </datafield>
  <datafield tag="100" ind1="1" ind2=" ">
    <subfield code="a">Marzūqī, Aḥmad ibn Muḥammad,</subfield>
    <subfield code="d">-1030.</subfield>
  </datafield>
  <datafield tag="245" ind1="1" ind2="0">
    <subfield code="a">Sharḥ dīwān al-ḥamāsah,</subfield>
    <subfield code="c">li-Abī ʻAlī Aḥmad ibn Muḥammad ibn al-Ḥasan al-Marzūqī. Nasharahū Aḥmad Amīn [wa] ʻAbd al-Salām Hārūn.</subfield>
  </datafield>
  <datafield tag="250" ind1=" " ind2=" ">
    <subfield code="a">al-Ṭabʻah 1.</subfield>
  </datafield>
  <datafield tag="260" ind1=" " ind2=" ">
    <subfield code="a">al-Qāhirah,</subfield>
    <subfield code="b">Lajnat al-Taʾlīf wa-al-Tarjamah wa-al-Nashr,</subfield>
    <subfield code="c">1951-1953.</subfield>
  </datafield>
  <datafield tag="300" ind1=" " ind2=" ">
    <subfield code="a">4 v.(24,3035 p.)</subfield>
  </datafield>
  <datafield tag="504" ind1=" " ind2=" ">
    <subfield code="a">Bibliography: v. 4, p.[3023]-3029.</subfield>
  </datafield>
  <datafield tag="600" ind1="0" ind2="0">
    <subfield code="a">Abū Tammām Ḥabīb ibn Aws al-Ṭāʼī,</subfield>
    <subfield code="d">active 808-842.</subfield>
    <subfield code="t">Ḥamāsah.</subfield>
  </datafield>
  <datafield tag="700" ind1="0" ind2=" ">
    <subfield code="a">Abū Tammām Ḥabīb ibn Aws al-Ṭāʼī,</subfield>
    <subfield code="d">active 808-842.</subfield>
    <subfield code="t">Ḥamāsah.</subfield>
  </datafield>
  <datafield tag="700" ind1="1" ind2=" ">
    <subfield code="a">Amīn, Aḥmad,</subfield>
    <subfield code="d">1886-1954.</subfield>
  </datafield>
  <datafield tag="700" ind1="1" ind2=" ">
    <subfield code="a">Hārūn, ʻAbd al-Salām Muḥammad.</subfield>
  </datafield>
  <datafield tag="955" ind1=" " ind2=" ">
    <subfield code="b">0315334406</subfield>
    <subfield code="d">glx</subfield>
    <subfield code="e">893.782 Ab973</subfield>
    <subfield code="v">v.3</subfield>
  </datafield>
</record>
</collection>